<record><leader>00000cas a22000007a 4500</leader><controlfield tag="001">21631466</controlfield><controlfield tag="008">900530d19781985couwr ne      0    0eng d</controlfield><datafield ind1=" " ind2=" " tag="010"><subfield code="a">sn 90051347 </subfield></datafield><datafield ind1=" " ind2=" " tag="040"><subfield code="a">CNQ</subfield><subfield code="b">eng</subfield><subfield code="c">CNQ</subfield><subfield code="d">OCLCQ</subfield></datafield><datafield ind1=" " ind2=" " tag="042"><subfield code="a">msc</subfield></datafield><datafield ind1="0" ind2="0" tag="245"><subfield code="a">Monday Cortez sentinel.</subfield></datafield><datafield ind1="3" ind2="0" tag="246"><subfield code="a">Cortez sentinel</subfield></datafield><datafield ind1=" " ind2=" " tag="260"><subfield code="a">Cortez, Colo. :</subfield><subfield code="b">R.D. Brown</subfield></datafield><datafield ind1=" " ind2=" " tag="300"><subfield code="a">v.</subfield></datafield><datafield ind1=" " ind2=" " tag="310"><subfield code="a">Weekly</subfield></datafield><datafield ind1="0" ind2=" " tag="362"><subfield code="a">Vol. 51, no. 10 (May 29, 1978)-v. 57, no. 2 (Mar. 4, 1985).</subfield></datafield><datafield ind1=" " ind2=" " tag="500"><subfield code="a">Published as: Cortez sentinel, Feb. 6, 1984-Apr. 9, 1984.</subfield></datafield><datafield ind1=" " ind2=" " tag="530"><subfield code="a">Available on microfilm from the Colorado Historical Society.</subfield></datafield><datafield ind1=" " ind2=" " tag="752"><subfield code="a">United States</subfield><subfield code="b">Colorado</subfield><subfield code="c">Montezuma</subfield><subfield code="d">Cortez.</subfield></datafield><datafield ind1="0" ind2="0" tag="780"><subfield code="t">Cortez sentinel (Cortez, Colo. : 1928)</subfield><subfield code="w">(DLC)sn 90051345</subfield></datafield><datafield ind1="0" ind2="0" tag="785"><subfield code="t">Cortez sentinel (Cortez, Colo. : 1985)</subfield><subfield code="w">(DLC)sn 90051346</subfield></datafield></record>